<?xml version="1.0" encoding="UTF-8"?>
<record>
   <leader>00000nam 2200229Ia 4500</leader>
   <controlfield tag="001">990200638410306576</controlfield>
   <controlfield tag="008">830203s1882 xx 000|0 eng d</controlfield>
   <datafield tag="019" ind1=" " ind2=" ">
      <subfield code="a">9185664</subfield>
   </datafield>
   <datafield tag="035" ind1=" " ind2=" ">
      <subfield code="a">(aleph)020063841UXU01</subfield>
   </datafield>
   <datafield tag="035" ind1=" " ind2=" ">
      <subfield code="a">(OCoLC)09185643</subfield>
   </datafield>
   <datafield tag="035" ind1=" " ind2=" ">
      <subfield code="a">(EXLNZ-01FALSC_NETWORK)9910613691506561</subfield>
   </datafield>
   <datafield tag="035" ind1=" " ind2=" ">
      <subfield code="a">(01FALSC_FSU)990200638410306576</subfield>
   </datafield>
   <datafield tag="040" ind1=" " ind2=" ">
      <subfield code="a">FDA</subfield>
      <subfield code="c">FDA</subfield>
   </datafield>
   <datafield tag="090" ind1=" " ind2=" ">
      <subfield code="a">F319.S2</subfield>
      <subfield code="b">S42</subfield>
   </datafield>
   <datafield tag="245" ind1="0" ind2="0">
      <subfield code="a">St. Augustine.</subfield>
   </datafield>
   <datafield tag="260" ind1=" " ind2=" ">
      <subfield code="a">[S.l. :</subfield>
      <subfield code="b">s.n.],</subfield>
      <subfield code="c">1882?</subfield>
   </datafield>
   <datafield tag="300" ind1=" " ind2=" ">
      <subfield code="a">4 p., [12] plates :</subfield>
      <subfield code="b">chiefly ill. ;</subfield>
      <subfield code="c">11 x 15 cm.</subfield>
   </datafield>
   <datafield tag="500" ind1=" " ind2=" ">
      <subfield code="a">Black and white photographs of the old city supposedly from negatives
                of the Albertype Company.</subfield>
      <subfield code="5">FTaSU</subfield>
   </datafield>
   <datafield tag="500" ind1=" " ind2=" ">
      <subfield code="a">Cover-title.</subfield>
      <subfield code="5">FTaSU</subfield>
   </datafield>
   <datafield tag="651" ind1=" " ind2="0">
      <subfield code="a">Saint Augustine (Fla.)</subfield>
      <subfield code="v">Pictorial works.</subfield>
   </datafield>
   <datafield tag="710" ind1="2" ind2=" ">
      <subfield code="a">Albertype Company.</subfield>
   </datafield>
   <datafield tag="998" ind1=" " ind2=" ">
      <subfield code="a">020063841</subfield>
      <subfield code="9">LOCAL</subfield>
   </datafield>
   <datafield tag="949" ind1=" " ind2=" ">
      <subfield code="a">FTaSU</subfield>
      <subfield code="b">FSUSP</subfield>
      <subfield code="c">FLAU</subfield>
      <subfield code="f">31254003913510</subfield>
      <subfield code="g"/>
      <subfield code="h">Tray 23</subfield>
      <subfield code="i"/>
      <subfield code="j">31254803017140</subfield>
      <subfield code="k"/>
      <subfield code="l">F319.S2</subfield>
      <subfield code="m">S42</subfield>
      <subfield code="n">Tray 23</subfield>
   </datafield>
</record>