
<record>
   <leader>00000nam 2200229K 4500</leader>
   <controlfield tag="001">990216594490306576</controlfield>
   <controlfield tag="008">900220s1876 alub 001|0 eng d</controlfield>
   <datafield tag="035" ind1=" " ind2=" ">
      <subfield code="a">(aleph)021659449UXU01</subfield>
   </datafield>
   <datafield tag="035" ind1=" " ind2=" ">
      <subfield code="a">(OCoLC)21094654</subfield>
   </datafield>
   <datafield tag="035" ind1=" " ind2=" ">
      <subfield code="a">(EXLNZ-01FALSC_NETWORK)9910827113206561</subfield>
   </datafield>
   <datafield tag="035" ind1=" " ind2=" ">
      <subfield code="a">(01FALSC_FSU)990216594490306576</subfield>
   </datafield>
   <datafield tag="040" ind1=" " ind2=" ">
      <subfield code="a">FDA</subfield>
      <subfield code="c">FDA</subfield>
   </datafield>
   <datafield tag="090" ind1=" " ind2=" ">
      <subfield code="a">G3971.P3</subfield>
      <subfield code="b">1876 R36</subfield>
   </datafield>
   <datafield tag="245" ind1="0" ind2="0">
      <subfield code="a">Rand, McNally &amp; Co.'s indexed map of Alabama :</subfield>
      <subfield code="b">showing the railroads in the state, and the express company doing
                business over each, also, counties, lakes &amp; rivers together with every post
                office, railroad station or town, carefully indexed, referring to the exact location
                where each may be found on the map.</subfield>
   </datafield>
   <datafield tag="260" ind1=" " ind2=" ">
      <subfield code="a">Chicago ;</subfield>
      <subfield code="c">[1876]</subfield>
   </datafield>
   <datafield tag="300" ind1=" " ind2=" ">
      <subfield code="a">19 p. ;</subfield>
      <subfield code="b">fold. map</subfield>
   </datafield>
   <datafield tag="500" ind1=" " ind2=" ">
      <subfield code="a">Includes index.</subfield>
      <subfield code="5">FTaSU</subfield>
   </datafield>
   <datafield tag="651" ind1=" " ind2="0">
      <subfield code="a">Alabama</subfield>
      <subfield code="v">Maps.</subfield>
   </datafield>
   <datafield tag="650" ind1=" " ind2="0">
      <subfield code="a">Railroads</subfield>
      <subfield code="z">Alabama</subfield>
      <subfield code="v">Maps.</subfield>
   </datafield>
   <datafield tag="655" ind1=" " ind2="7">
      <subfield code="a">Maps.</subfield>
      <subfield code="2">lcgft</subfield>
   </datafield>
   <datafield tag="655" ind1=" " ind2="7">
      <subfield code="a">Maps.</subfield>
      <subfield code="2">lcgft</subfield>
   </datafield>
   <datafield tag="710" ind1="2" ind2=" ">
      <subfield code="a">Rand McNally and Company.</subfield>
   </datafield>
   <datafield tag="740" ind1="0" ind2=" ">
      <subfield code="a">Indexed map of Alabama.</subfield>
   </datafield>
   <datafield tag="998" ind1=" " ind2=" ">
      <subfield code="a">021659449</subfield>
      <subfield code="9">LOCAL</subfield>
   </datafield>
   <datafield tag="949" ind1=" " ind2=" ">
      <subfield code="a">FTaSU</subfield>
      <subfield code="b">FSUSP</subfield>
      <subfield code="c">SPCU</subfield>
      <subfield code="f">31254803178504</subfield>
      <subfield code="g"/>
      <subfield code="h">Tray 23</subfield>
      <subfield code="i"/>
      <subfield code="j">31254803017140</subfield>
      <subfield code="k"/>
      <subfield code="l">G3971.P3</subfield>
      <subfield code="m">1876 R36</subfield>
      <subfield code="n">Tray 23</subfield>
   </datafield>
</record>