
<record>
   <leader>00000nam 2200265Ia 4500</leader>
   <controlfield tag="001">990217290530306576</controlfield>
   <controlfield tag="005">20060317103430.0</controlfield>
   <controlfield tag="008">851015r18601857tnu 000|0 eng d</controlfield>
   <datafield tag="035" ind1=" " ind2=" ">
      <subfield code="a">(aleph)021729053UXU01</subfield>
   </datafield>
   <datafield tag="035" ind1=" " ind2=" ">
      <subfield code="a">(OCoLC)12674529</subfield>
   </datafield>
   <datafield tag="035" ind1=" " ind2=" ">
      <subfield code="a">(EXLNZ-01FALSC_NETWORK)9910793355906561</subfield>
   </datafield>
   <datafield tag="035" ind1=" " ind2=" ">
      <subfield code="a">(01FALSC_FSU)990217290530306576</subfield>
   </datafield>
   <datafield tag="040" ind1=" " ind2=" ">
      <subfield code="a">ITC</subfield>
      <subfield code="c">ITC</subfield>
      <subfield code="d">FDA</subfield>
   </datafield>
   <datafield tag="090" ind1=" " ind2=" ">
      <subfield code="a">BT121</subfield>
      <subfield code="b">.A7 1859</subfield>
   </datafield>
   <datafield tag="092" ind1=" " ind2=" ">
      <subfield code="a">231.3</subfield>
      <subfield code="b">A791t, 1857</subfield>
   </datafield>
   <datafield tag="100" ind1="1" ind2=" ">
      <subfield code="a">Arthur, William,</subfield>
      <subfield code="d">1819-1901.</subfield>
   </datafield>
   <datafield tag="245" ind1="1" ind2="4">
      <subfield code="a">The tongue of fire, or, The true power of Christianity /</subfield>
      <subfield code="c">by William Arthur ; edited by Thomas O. Summers.</subfield>
   </datafield>
   <datafield tag="260" ind1=" " ind2=" ">
      <subfield code="a">Nashville, Tenn. :</subfield>
      <subfield code="b">Southern Methodist Publishing House,</subfield>
      <subfield code="c">1860.</subfield>
   </datafield>
   <datafield tag="300" ind1=" " ind2=" ">
      <subfield code="a">376 p. ;</subfield>
      <subfield code="c">16 cm.</subfield>
   </datafield>
   <datafield tag="500" ind1=" " ind2=" ">
      <subfield code="a">First published in this edition 1857.</subfield>
      <subfield code="5">FTaSU</subfield>
   </datafield>
   <datafield tag="650" ind1=" " ind2="0">
      <subfield code="a">Holy Spirit.</subfield>
   </datafield>
   <datafield tag="700" ind1="1" ind2=" ">
      <subfield code="a">Summers, Thomas O.</subfield>
      <subfield code="q">(Thomas Osmond),</subfield>
      <subfield code="d">1812-1882.</subfield>
   </datafield>
   <datafield tag="740" ind1="4" ind2=" ">
      <subfield code="a">The tongue of fire.</subfield>
   </datafield>
   <datafield tag="740" ind1="4" ind2=" ">
      <subfield code="a">The true power of Christianity.</subfield>
   </datafield>
   <datafield tag="998" ind1=" " ind2=" ">
      <subfield code="a">021729053</subfield>
      <subfield code="9">LOCAL</subfield>
   </datafield>
   <datafield tag="949" ind1=" " ind2=" ">
      <subfield code="a">FTaSU</subfield>
      <subfield code="b">FSUSP</subfield>
      <subfield code="c">SPCU</subfield>
      <subfield code="f">31254803178801</subfield>
      <subfield code="g"/>
      <subfield code="h">Tray 7</subfield>
      <subfield code="i"/>
      <subfield code="j">31254803017512</subfield>
      <subfield code="k"/>
      <subfield code="l">BT121</subfield>
      <subfield code="m">.A7 1859</subfield>
      <subfield code="n">Tray 7</subfield>
   </datafield>
</record>