
<record>
   <leader>00000nam 2200205Ia 4500</leader>
   <controlfield tag="001">990221940180306576</controlfield>
   <controlfield tag="008">851004r19841811nyu 000|0 eng d</controlfield>
   <datafield tag="019" ind1=" " ind2=" ">
      <subfield code="a">12636418</subfield>
   </datafield>
   <datafield tag="035" ind1=" " ind2=" ">
      <subfield code="a">(aleph)022194018UXU01</subfield>
   </datafield>
   <datafield tag="035" ind1=" " ind2=" ">
      <subfield code="a">(OCoLC)45578871</subfield>
   </datafield>
   <datafield tag="035" ind1=" " ind2=" ">
      <subfield code="a">(EXLNZ-01FALSC_NETWORK)9910795553406561</subfield>
   </datafield>
   <datafield tag="035" ind1=" " ind2=" ">
      <subfield code="a">(01FALSC_FSU)990221940180306576</subfield>
   </datafield>
   <datafield tag="040" ind1=" " ind2=" ">
      <subfield code="a">FDA</subfield>
      <subfield code="c">FDA</subfield>
   </datafield>
   <datafield tag="090" ind1=" " ind2=" ">
      <subfield code="a">BJ1641</subfield>
      <subfield code="b">.R2 1984</subfield>
   </datafield>
   <datafield tag="100" ind1="0" ind2=" ">
      <subfield code="a">R. R.</subfield>
   </datafield>
   <datafield tag="245" ind1="1" ind2="4">
      <subfield code="a">The good boy's soliloquy :</subfield>
      <subfield code="b">containing his parents' instructions relative to his disposition and
                manners /</subfield>
      <subfield code="c">by the author of the Invited alphabet.</subfield>
   </datafield>
   <datafield tag="260" ind1=" " ind2=" ">
      <subfield code="a">New York :</subfield>
      <subfield code="b">Pierpont Morgan Library,</subfield>
      <subfield code="c">c1984.</subfield>
   </datafield>
   <datafield tag="300" ind1=" " ind2=" ">
      <subfield code="a">16 p., [16] p. of plates :</subfield>
      <subfield code="b">ill. ;</subfield>
      <subfield code="c">12 cm.</subfield>
   </datafield>
   <datafield tag="500" ind1=" " ind2=" ">
      <subfield code="a">Facsim. of: London : W. Darton, 1811.</subfield>
      <subfield code="5">FTaSU</subfield>
   </datafield>
   <datafield tag="650" ind1=" " ind2="0">
      <subfield code="a">Children</subfield>
      <subfield code="x">Conduct of life.</subfield>
   </datafield>
   <datafield tag="998" ind1=" " ind2=" ">
      <subfield code="a">022194018</subfield>
      <subfield code="9">LOCAL</subfield>
   </datafield>
   <datafield tag="949" ind1=" " ind2=" ">
      <subfield code="a">FTaSU</subfield>
      <subfield code="b">FSUSP</subfield>
      <subfield code="c">SHAU</subfield>
      <subfield code="f">31254803177704</subfield>
      <subfield code="g"/>
      <subfield code="h">Tray 4</subfield>
      <subfield code="i"/>
      <subfield code="j">31254803017330</subfield>
      <subfield code="k"/>
      <subfield code="l">BJ1641</subfield>
      <subfield code="m">.R2 1984</subfield>
      <subfield code="n">Tray 4</subfield>
   </datafield>
</record>