
<record>
   <leader>00000nam 2200193K 4500</leader>
   <controlfield tag="001">990232712920306576</controlfield>
   <controlfield tag="005">20060519095557.0</controlfield>
   <controlfield tag="008">901219s1627 it a 000|0 ita d</controlfield>
   <datafield tag="035" ind1=" " ind2=" ">
      <subfield code="a">(aleph)023271292UXU01</subfield>
   </datafield>
   <datafield tag="035" ind1=" " ind2=" ">
      <subfield code="a">(OCoLC)22873364</subfield>
   </datafield>
   <datafield tag="035" ind1=" " ind2=" ">
      <subfield code="a">(EXLNZ-01FALSC_NETWORK)9910714563306561</subfield>
   </datafield>
   <datafield tag="035" ind1=" " ind2=" ">
      <subfield code="a">(01FALSC_FSU)990232712920306576</subfield>
   </datafield>
   <datafield tag="040" ind1=" " ind2=" ">
      <subfield code="a">FDA</subfield>
      <subfield code="c">FDA</subfield>
   </datafield>
   <datafield tag="090" ind1=" " ind2=" ">
      <subfield code="a">PQ4605.A83</subfield>
      <subfield code="b">L83 1627</subfield>
   </datafield>
   <datafield tag="100" ind1="1" ind2=" ">
      <subfield code="a">Avanzi, Giovanni Maria.</subfield>
   </datafield>
   <datafield tag="245" ind1="1" ind2="3">
      <subfield code="a">La Lucciola, :</subfield>
      <subfield code="b">poema.</subfield>
   </datafield>
   <datafield tag="260" ind1=" " ind2=" ">
      <subfield code="a">Padova, :</subfield>
      <subfield code="b">G.B. Martini,</subfield>
      <subfield code="c">1627.</subfield>
   </datafield>
   <datafield tag="300" ind1=" " ind2=" ">
      <subfield code="a">[22], 213 p. :</subfield>
      <subfield code="b">illus.</subfield>
   </datafield>
   <datafield tag="500" ind1=" " ind2=" ">
      <subfield code="a">Engraved t.p.: title within ornamental border.</subfield>
      <subfield code="5">FTaSU</subfield>
   </datafield>
   <datafield tag="500" ind1=" " ind2=" ">
      <subfield code="a">The preliminary pages include miscellaneous verse by the
                author.</subfield>
      <subfield code="5">FTaSU</subfield>
   </datafield>
   <datafield tag="500" ind1=" " ind2=" ">
      <subfield code="a">Errata: recto of leaf at end.</subfield>
      <subfield code="5">FTaSU</subfield>
   </datafield>
   <datafield tag="500" ind1=" " ind2=" ">
      <subfield code="a">Edited by Carlo Avanzi.</subfield>
      <subfield code="5">FTaSU</subfield>
   </datafield>
   <datafield tag="700" ind1="1" ind2=" ">
      <subfield code="a">Avanzi, Carlo.</subfield>
   </datafield>
   <datafield tag="998" ind1=" " ind2=" ">
      <subfield code="a">023271292</subfield>
      <subfield code="9">LOCAL</subfield>
   </datafield>
   <datafield tag="949" ind1=" " ind2=" ">
      <subfield code="a">FTaSU</subfield>
      <subfield code="b">FSUSP</subfield>
      <subfield code="c">SPCU</subfield>
      <subfield code="f">31254803023544</subfield>
      <subfield code="g"/>
      <subfield code="h">Tray 51</subfield>
      <subfield code="i"/>
      <subfield code="j">31254802962973</subfield>
      <subfield code="k"/>
      <subfield code="l">PQ4605.A83</subfield>
      <subfield code="m">L83 1627</subfield>
      <subfield code="n">Tray 51</subfield>
   </datafield>
</record>