
<record>
   <leader>00000nam 2200193K 4500</leader>
   <controlfield tag="001">990242534950306576</controlfield>
   <controlfield tag="005">20060509102921.0</controlfield>
   <controlfield tag="008">860912s1611 fr 000|0 fre d</controlfield>
   <datafield tag="035" ind1=" " ind2=" ">
      <subfield code="a">(aleph)024253495UXU01</subfield>
   </datafield>
   <datafield tag="035" ind1=" " ind2=" ">
      <subfield code="a">(OCoLC)14211552</subfield>
   </datafield>
   <datafield tag="035" ind1=" " ind2=" ">
      <subfield code="a">(EXLNZ-01FALSC_NETWORK)9910762893306561</subfield>
   </datafield>
   <datafield tag="035" ind1=" " ind2=" ">
      <subfield code="a">(01FALSC_FSU)990242534950306576</subfield>
   </datafield>
   <datafield tag="040" ind1=" " ind2=" ">
      <subfield code="a">CLU</subfield>
      <subfield code="c">CLU</subfield>
      <subfield code="d">FDA</subfield>
   </datafield>
   <datafield tag="090" ind1=" " ind2=" ">
      <subfield code="a">PQ1609</subfield>
      <subfield code="b">.D44 1611</subfield>
   </datafield>
   <datafield tag="092" ind1=" " ind2=" ">
      <subfield code="a">841</subfield>
      <subfield code="b">D472, R217</subfield>
   </datafield>
   <datafield tag="100" ind1="1" ind2=" ">
      <subfield code="a">Desportes, Philippe,</subfield>
      <subfield code="d">1546-1606.</subfield>
   </datafield>
   <datafield tag="245" ind1="0" ind2="0">
      <subfield code="a">Oevvres ... /</subfield>
      <subfield code="c">reueues et corrigées.</subfield>
   </datafield>
   <datafield tag="260" ind1=" " ind2=" ">
      <subfield code="a">Roven, :</subfield>
      <subfield code="b">Impr. de R. Du Petit Val,</subfield>
      <subfield code="c">1611.</subfield>
   </datafield>
   <datafield tag="300" ind1=" " ind2=" ">
      <subfield code="a">675, [42] p. ;</subfield>
      <subfield code="c">15 cm.</subfield>
   </datafield>
   <datafield tag="998" ind1=" " ind2=" ">
      <subfield code="a">024253495</subfield>
      <subfield code="9">LOCAL</subfield>
   </datafield>
   <datafield tag="949" ind1=" " ind2=" ">
      <subfield code="a">FTaSU</subfield>
      <subfield code="b">FSUSP</subfield>
      <subfield code="c">SPCU</subfield>
      <subfield code="f">31254803185301</subfield>
      <subfield code="g"/>
      <subfield code="h">Tray 49</subfield>
      <subfield code="i"/>
      <subfield code="j">31254802963096</subfield>
      <subfield code="k"/>
      <subfield code="l">PQ1609</subfield>
      <subfield code="m">.D44 1611</subfield>
      <subfield code="n">Tray 49</subfield>
   </datafield>
</record>