
<record>
   <leader>00000nam 2200253I 4500</leader>
   <controlfield tag="001">990243987240306576</controlfield>
   <controlfield tag="005">20060727091529.0</controlfield>
   <controlfield tag="008">751016s1813 pau 000|0 eng </controlfield>
   <datafield tag="010" ind1=" " ind2=" ">
      <subfield code="a">a 32000669</subfield>
   </datafield>
   <datafield tag="019" ind1=" " ind2=" ">
      <subfield code="a">1708656</subfield>
   </datafield>
   <datafield tag="035" ind1=" " ind2=" ">
      <subfield code="a">(aleph)024398724UXU01</subfield>
   </datafield>
   <datafield tag="035" ind1=" " ind2=" ">
      <subfield code="a">(OCoLC)124077585</subfield>
   </datafield>
   <datafield tag="035" ind1=" " ind2=" ">
      <subfield code="a">(EXLNZ-01FALSC_NETWORK)9910713519106561</subfield>
   </datafield>
   <datafield tag="035" ind1=" " ind2=" ">
      <subfield code="a">(01FALSC_FSU)990243987240306576</subfield>
   </datafield>
   <datafield tag="040" ind1=" " ind2=" ">
      <subfield code="a">DLC</subfield>
      <subfield code="c">DZM</subfield>
      <subfield code="d">m.c.</subfield>
   </datafield>
   <datafield tag="090" ind1=" " ind2=" ">
      <subfield code="a">E164</subfield>
      <subfield code="b">.M44 1813</subfield>
   </datafield>
   <datafield tag="092" ind1=" " ind2=" ">
      <subfield code="a">917.3</subfield>
      <subfield code="b">M523s</subfield>
   </datafield>
   <datafield tag="100" ind1="1" ind2=" ">
      <subfield code="a">Melish, John,</subfield>
      <subfield code="d">1771-1822.</subfield>
   </datafield>
   <datafield tag="245" ind1="1" ind2="2">
      <subfield code="a">A statistical account of the United States, :</subfield>
      <subfield code="b">with topographical tables of the counties, towns, population, etc.
                From the census of 1810. Intended as an accompaniment to the portable Map of the
                United States. /</subfield>
      <subfield code="c">By John Melish.</subfield>
   </datafield>
   <datafield tag="260" ind1=" " ind2=" ">
      <subfield code="a">Philadelphia, :</subfield>
      <subfield code="b">Printed by G. Palmer,</subfield>
      <subfield code="c">1813.</subfield>
   </datafield>
   <datafield tag="300" ind1=" " ind2=" ">
      <subfield code="a">35 (i.e. 37) [1] p. ;</subfield>
      <subfield code="c">15 cm.</subfield>
   </datafield>
   <datafield tag="500" ind1=" " ind2=" ">
      <subfield code="a">Page numbers 7-8 are repeated.</subfield>
      <subfield code="5">FTaSU</subfield>
   </datafield>
   <datafield tag="500" ind1=" " ind2=" ">
      <subfield code="a">Mutilated map mounted on inside of front cover.</subfield>
      <subfield code="5">FTaSU</subfield>
   </datafield>
   <datafield tag="500" ind1=" " ind2=" ">
      <subfield code="a">"Recent publications by John Melish" : p. [38]</subfield>
      <subfield code="5">FTaSU</subfield>
   </datafield>
   <datafield tag="651" ind1=" " ind2="0">
      <subfield code="a">United States</subfield>
      <subfield code="x">Description and travel.</subfield>
   </datafield>
   <datafield tag="998" ind1=" " ind2=" ">
      <subfield code="a">024398724</subfield>
      <subfield code="9">LOCAL</subfield>
   </datafield>
   <datafield tag="949" ind1=" " ind2=" ">
      <subfield code="a">FTaSU</subfield>
      <subfield code="b">FSUSP</subfield>
      <subfield code="c">SPCU</subfield>
      <subfield code="f">31254803176508</subfield>
      <subfield code="g"/>
      <subfield code="h">Tray 22</subfield>
      <subfield code="i"/>
      <subfield code="j">31254803017553</subfield>
      <subfield code="k"/>
      <subfield code="l">E164.M44</subfield>
      <subfield code="m">1813</subfield>
      <subfield code="n">Tray 22</subfield>
   </datafield>
</record>