
<record>
   <leader>00000nam 2200289 i 4500</leader>
   <controlfield tag="001">990252005940306576</controlfield>
   <controlfield tag="005">20111021114157.0</controlfield>
   <controlfield tag="008">750226s1974 vaua b 000|0 eng </controlfield>
   <datafield tag="010" ind1=" " ind2=" ">
      <subfield code="a"> 75304933</subfield>
   </datafield>
   <datafield tag="035" ind1=" " ind2=" ">
      <subfield code="a">(aleph)025200594UXU01</subfield>
   </datafield>
   <datafield tag="035" ind1=" " ind2=" ">
      <subfield code="a">(OCoLC)01255602</subfield>
   </datafield>
   <datafield tag="035" ind1=" " ind2=" ">
      <subfield code="a">(EXLNZ-01FALSC_NETWORK)9910953624606561</subfield>
   </datafield>
   <datafield tag="035" ind1=" " ind2=" ">
      <subfield code="a">(01FALSC_FSU)990252005940306576</subfield>
   </datafield>
   <datafield tag="040" ind1=" " ind2=" ">
      <subfield code="a">DLC</subfield>
      <subfield code="c">DLC</subfield>
      <subfield code="d">FDA</subfield>
   </datafield>
   <datafield tag="050" ind1="0" ind2=" ">
      <subfield code="a">PR1251</subfield>
      <subfield code="b">.M3</subfield>
   </datafield>
   <datafield tag="082" ind1="0" ind2=" ">
      <subfield code="a">822/.052</subfield>
   </datafield>
   <datafield tag="100" ind1="1" ind2=" ">
      <subfield code="a">MacPhail, Ralph,</subfield>
      <subfield code="e">comp.</subfield>
   </datafield>
   <datafield tag="245" ind1="1" ind2="0">
      <subfield code="a">Additional adventures of Messrs. Box and Cox /</subfield>
      <subfield code="c">[compiled] and [with] an introd. by Ralph MacPhail, Jr.</subfield>
   </datafield>
   <datafield tag="260" ind1=" " ind2=" ">
      <subfield code="a">Bridgewater, Va. :</subfield>
      <subfield code="b">Parenthesis Press,</subfield>
      <subfield code="c">1974.</subfield>
   </datafield>
   <datafield tag="300" ind1=" " ind2=" ">
      <subfield code="a">74 p. :</subfield>
      <subfield code="b">ill. ;</subfield>
      <subfield code="c">16 cm.</subfield>
   </datafield>
   <datafield tag="504" ind1=" " ind2=" ">
      <subfield code="a">Bibliography: p. 71-74.</subfield>
   </datafield>
   <datafield tag="505" ind1="0" ind2=" ">
      <subfield code="a">Gilbert, W. S. A continuation of the dramatic history of Box and
                Cox.--Burnand, F. C. Penelope Anne.</subfield>
      <subfield code="5">FTaSU</subfield>
   </datafield>
   <datafield tag="650" ind1=" " ind2="0">
      <subfield code="a">English farces.</subfield>
   </datafield>
   <datafield tag="650" ind1=" " ind2="0">
      <subfield code="a">English drama</subfield>
      <subfield code="y">19th century.</subfield>
   </datafield>
   <datafield tag="700" ind1="1" ind2="2">
      <subfield code="a">Gilbert, W. S.</subfield>
      <subfield code="q">(William Schwenck),</subfield>
      <subfield code="d">1836-1911.</subfield>
      <subfield code="t">Continuation of the dramatic history of Box and Cox. 1974.</subfield>
   </datafield>
   <datafield tag="700" ind1="1" ind2="2">
      <subfield code="a">Burnand, F. C.</subfield>
      <subfield code="q">(Francis Cowley),</subfield>
      <subfield code="d">1836-1917.</subfield>
      <subfield code="t">Penelope Anne. 1974.</subfield>
   </datafield>
   <datafield tag="998" ind1=" " ind2=" ">
      <subfield code="a">025200594</subfield>
      <subfield code="9">LOCAL</subfield>
   </datafield>
   <datafield tag="949" ind1=" " ind2=" ">
      <subfield code="a">FTaSU</subfield>
      <subfield code="b">FSUSP</subfield>
      <subfield code="c">SPCU</subfield>
      <subfield code="f">31254803023486</subfield>
      <subfield code="g"/>
      <subfield code="h">Tray 55</subfield>
      <subfield code="i"/>
      <subfield code="j">31254803028055</subfield>
      <subfield code="k"/>
      <subfield code="l">PR1251</subfield>
      <subfield code="m">.M3</subfield>
      <subfield code="n">Tray 55</subfield>
   </datafield>
</record>