
<record>
   <leader> cam 2200433 a 4500</leader>
   <controlfield tag="001">990267609230306576</controlfield>
   <controlfield tag="005">20190409104215.0</controlfield>
   <controlfield tag="008">090824s1835 paua j 000 1 eng </controlfield>
   <datafield tag="010" ind1=" " ind2=" ">
      <subfield code="a">2009484329</subfield>
   </datafield>
   <datafield tag="019" ind1=" " ind2=" ">
      <subfield code="a">78936489</subfield>
      <subfield code="a">123017038</subfield>
   </datafield>
   <datafield tag="035" ind1=" " ind2=" ">
      <subfield code="a">(aleph)026760923UXU01</subfield>
   </datafield>
   <datafield tag="035" ind1=" " ind2=" ">
      <subfield code="a">(OCoLC)15738650</subfield>
   </datafield>
   <datafield tag="035" ind1=" " ind2=" ">
      <subfield code="a">(EXLNZ-01FALSC_NETWORK)9910251625106561</subfield>
   </datafield>
   <datafield tag="035" ind1=" " ind2=" ">
      <subfield code="a">(01FALSC_FSU)990267609230306576</subfield>
   </datafield>
   <datafield tag="040" ind1=" " ind2=" ">
      <subfield code="a">DLC</subfield>
      <subfield code="b">eng</subfield>
      <subfield code="e">dcrmb</subfield>
      <subfield code="c">DLC</subfield>
      <subfield code="d">IDI</subfield>
      <subfield code="d">OCLCQ</subfield>
      <subfield code="d">OCLCO</subfield>
      <subfield code="d">OCLCF</subfield>
      <subfield code="d">ICW</subfield>
      <subfield code="d">MFM</subfield>
   </datafield>
   <datafield tag="049" ind1=" " ind2=" ">
      <subfield code="a">FDAA</subfield>
   </datafield>
   <datafield tag="050" ind1="0" ind2="0">
      <subfield code="a">PZ6</subfield>
      <subfield code="b">.R27 1835</subfield>
   </datafield>
   <datafield tag="050" ind1=" " ind2="4">
      <subfield code="a">BV4571</subfield>
      <subfield code="b">.R44 1835 Cassel</subfield>
   </datafield>
   <datafield tag="245" ind1="0" ind2="4">
      <subfield code="a">The refuge, or, Story of Archibald Thompson /</subfield>
      <subfield code="c">written for the American Sunday School Union and revised by the
                Committee of Publication.</subfield>
   </datafield>
   <datafield tag="246" ind1="3" ind2="0">
      <subfield code="a">Refuge</subfield>
   </datafield>
   <datafield tag="246" ind1="3" ind2="0">
      <subfield code="a">Story of Archibald Thompson</subfield>
   </datafield>
   <datafield tag="260" ind1=" " ind2=" ">
      <subfield code="a">Philadelphia :</subfield>
      <subfield code="b">American Sunday-School Union, no. 146 Chestnut Street,</subfield>
      <subfield code="c">[1835]</subfield>
   </datafield>
   <datafield tag="300" ind1=" " ind2=" ">
      <subfield code="a">78 p. :</subfield>
      <subfield code="b">ill. ;</subfield>
      <subfield code="c">14 cm.</subfield>
   </datafield>
   <datafield tag="336" ind1=" " ind2=" ">
      <subfield code="a">text</subfield>
      <subfield code="b">txt</subfield>
      <subfield code="2">rdacontent</subfield>
   </datafield>
   <datafield tag="337" ind1=" " ind2=" ">
      <subfield code="a">unmediated</subfield>
      <subfield code="b">n</subfield>
      <subfield code="2">rdamedia</subfield>
   </datafield>
   <datafield tag="338" ind1=" " ind2=" ">
      <subfield code="a">volume</subfield>
      <subfield code="b">nc</subfield>
      <subfield code="2">rdacarrier</subfield>
   </datafield>
   <datafield tag="500" ind1=" " ind2=" ">
      <subfield code="a">The story of Archibald Thompson continues in The infidel class,
                published by the ASSU, 1835.</subfield>
   </datafield>
   <datafield tag="500" ind1=" " ind2=" ">
      <subfield code="a">Copyright 1835.</subfield>
   </datafield>
   <datafield tag="500" ind1=" " ind2=" ">
      <subfield code="a">"The following is an accurate account of the House of Refuge in
                Philadelphia, illustrated with cuts, sketched from personal observation." -- Note,
                p. 5.</subfield>
   </datafield>
   <datafield tag="561" ind1=" " ind2=" ">
      <subfield code="a">LC copy is a copyright deposit: No. 22. Deposited for copyright,
                Feby. 21, 1835.</subfield>
      <subfield code="5">DLC</subfield>
   </datafield>
   <datafield tag="610" ind1="2" ind2="0">
      <subfield code="a">House of Refuge (Philadelphia, Pa.)</subfield>
      <subfield code="v">Juvenile fiction.</subfield>
   </datafield>
   <datafield tag="610" ind1="2" ind2="7">
      <subfield code="a">House of Refuge (Philadelphia, Pa.)</subfield>
      <subfield code="2">fast</subfield>
      <subfield code="0">(OCoLC)fst00521560</subfield>
   </datafield>
   <datafield tag="655" ind1=" " ind2="0">
      <subfield code="a">Sunday school literature</subfield>
      <subfield code="y">1835.</subfield>
   </datafield>
   <datafield tag="655" ind1=" " ind2="7">
      <subfield code="a">Juvenile literature</subfield>
      <subfield code="y">1835.</subfield>
      <subfield code="2">rbgenr</subfield>
   </datafield>
   <datafield tag="655" ind1=" " ind2="7">
      <subfield code="a">Fiction.</subfield>
      <subfield code="2">fast</subfield>
      <subfield code="0">(OCoLC)fst01423787</subfield>
   </datafield>
   <datafield tag="655" ind1=" " ind2="7">
      <subfield code="a">Juvenile works.</subfield>
      <subfield code="2">fast</subfield>
      <subfield code="0">(OCoLC)fst01411637</subfield>
   </datafield>
   <datafield tag="655" ind1=" " ind2="7">
      <subfield code="a">Sunday school literature.</subfield>
      <subfield code="2">fast</subfield>
      <subfield code="0">(OCoLC)fst01726754</subfield>
   </datafield>
   <datafield tag="710" ind1="2" ind2=" ">
      <subfield code="a">American Sunday-School Union.</subfield>
      <subfield code="b">Committee of Publication.</subfield>
   </datafield>
   <datafield tag="710" ind1="2" ind2=" ">
      <subfield code="a">American Sunday-School Union,</subfield>
      <subfield code="e">publisher.</subfield>
   </datafield>
   <datafield tag="710" ind1="2" ind2=" ">
      <subfield code="a">Todd A. Herring Collection (Mississippi State University.
                Libraries)</subfield>
      <subfield code="5">MsSM</subfield>
   </datafield>
   <datafield tag="998" ind1=" " ind2=" ">
      <subfield code="a">026760923</subfield>
      <subfield code="9">LOCAL</subfield>
   </datafield>
   <datafield tag="949" ind1=" " ind2=" ">
      <subfield code="a">FTaSU</subfield>
      <subfield code="b">FSUSP</subfield>
      <subfield code="c">SHAU</subfield>
      <subfield code="f">31254027345673</subfield>
      <subfield code="g"/>
      <subfield code="h">Tray 10</subfield>
      <subfield code="i"/>
      <subfield code="j">31254803017694</subfield>
      <subfield code="k"/>
      <subfield code="l">BV4571</subfield>
      <subfield code="m">.R44 1835</subfield>
      <subfield code="n">Tray 10</subfield>
   </datafield>
</record>