
<record>
   <leader>00000nam 2200217 a 4500</leader>
   <controlfield tag="001">990269341360306576</controlfield>
   <controlfield tag="005">20060501093026.0</controlfield>
   <controlfield tag="008">911017s1676 fra 000|0 fr d</controlfield>
   <datafield tag="035" ind1=" " ind2=" ">
      <subfield code="a">(aleph)026934136UXU01</subfield>
   </datafield>
   <datafield tag="035" ind1=" " ind2=" ">
      <subfield code="a">(OCoLC)24591878</subfield>
   </datafield>
   <datafield tag="035" ind1=" " ind2=" ">
      <subfield code="a">(EXLNZ-01FALSC_NETWORK)9910838482706561</subfield>
   </datafield>
   <datafield tag="035" ind1=" " ind2=" ">
      <subfield code="a">(01FALSC_FSU)990269341360306576</subfield>
   </datafield>
   <datafield tag="040" ind1=" " ind2=" ">
      <subfield code="a">FDA</subfield>
      <subfield code="c">FDA</subfield>
   </datafield>
   <datafield tag="090" ind1=" " ind2=" ">
      <subfield code="a">BX1347</subfield>
      <subfield code="b">.P34 1676</subfield>
   </datafield>
   <datafield tag="100" ind1="1" ind2=" ">
      <subfield code="a">Pageau,</subfield>
      <subfield code="c">abbé.</subfield>
   </datafield>
   <datafield tag="245" ind1="1" ind2="0">
      <subfield code="a">Mémoires des intrigues de la cour de Rome, depuis l'année 1669
                jusques en 1676.</subfield>
   </datafield>
   <datafield tag="260" ind1=" " ind2=" ">
      <subfield code="a">Paris :</subfield>
      <subfield code="b">E. Michallet,</subfield>
      <subfield code="c">1676.</subfield>
   </datafield>
   <datafield tag="300" ind1=" " ind2=" ">
      <subfield code="a">255 p. ;</subfield>
      <subfield code="c">19 cm.</subfield>
   </datafield>
   <datafield tag="650" ind1=" " ind2="0">
      <subfield code="a">Papal courts</subfield>
      <subfield code="x">Early works to 1800.</subfield>
   </datafield>
   <datafield tag="650" ind1=" " ind2="0">
      <subfield code="a">Papacy</subfield>
      <subfield code="x">History</subfield>
      <subfield code="y">1566-1799.</subfield>
   </datafield>
   <datafield tag="600" ind1="0" ind2="0">
      <subfield code="a">Clement</subfield>
      <subfield code="b">X,</subfield>
      <subfield code="c">Pope,</subfield>
      <subfield code="d">1590-1676.</subfield>
   </datafield>
   <datafield tag="600" ind1="1" ind2="0">
      <subfield code="a">Altieri, Paluzzo,</subfield>
      <subfield code="c">Cardinal,</subfield>
      <subfield code="d">1623-1698.</subfield>
   </datafield>
   <datafield tag="998" ind1=" " ind2=" ">
      <subfield code="a">026934136</subfield>
      <subfield code="9">LOCAL</subfield>
   </datafield>
   <datafield tag="949" ind1=" " ind2=" ">
      <subfield code="a">FTaSU</subfield>
      <subfield code="b">FSUSP</subfield>
      <subfield code="c">SPCU</subfield>
      <subfield code="f">31254803023403</subfield>
      <subfield code="g"/>
      <subfield code="h">Tray 11</subfield>
      <subfield code="i"/>
      <subfield code="j">31254803017751</subfield>
      <subfield code="k"/>
      <subfield code="l">BX1347</subfield>
      <subfield code="m">.P34 1676</subfield>
      <subfield code="n">Tray 11</subfield>
   </datafield>
</record>