
<record>
   <leader> cam 2200349Ii 4500</leader>
   <controlfield tag="001">990274437320306576</controlfield>
   <controlfield tag="005">20190409110455.0</controlfield>
   <controlfield tag="008">940810s1830 enkaf j 000 1 eng d</controlfield>
   <datafield tag="016" ind1="7" ind2=" ">
      <subfield code="a">001569198</subfield>
      <subfield code="2">Uk</subfield>
   </datafield>
   <datafield tag="019" ind1=" " ind2=" ">
      <subfield code="a">1063082906</subfield>
   </datafield>
   <datafield tag="035" ind1=" " ind2=" ">
      <subfield code="a">(aleph)027443732UXU01</subfield>
   </datafield>
   <datafield tag="035" ind1=" " ind2=" ">
      <subfield code="a">(OCoLC)30928599</subfield>
   </datafield>
   <datafield tag="035" ind1=" " ind2=" ">
      <subfield code="a">(EXLNZ-01FALSC_NETWORK)9910731002006561</subfield>
   </datafield>
   <datafield tag="035" ind1=" " ind2=" ">
      <subfield code="a">(01FALSC_FSU)990274437320306576</subfield>
   </datafield>
   <datafield tag="040" ind1=" " ind2=" ">
      <subfield code="a">CLU</subfield>
      <subfield code="b">eng</subfield>
      <subfield code="e">rda</subfield>
      <subfield code="c">CLU</subfield>
      <subfield code="d">OCL</subfield>
      <subfield code="d">OCLCQ</subfield>
      <subfield code="d">UKMGB</subfield>
      <subfield code="d">OCLCQ</subfield>
      <subfield code="d">FDA</subfield>
   </datafield>
   <datafield tag="049" ind1=" " ind2=" ">
      <subfield code="a">FDAA</subfield>
   </datafield>
   <datafield tag="050" ind1=" " ind2="4">
      <subfield code="a">PZ5</subfield>
      <subfield code="b">.P752 1830</subfield>
   </datafield>
   <datafield tag="050" ind1=" " ind2=" ">
      <subfield code="a">PR1175.3</subfield>
      <subfield code="b">.P64 1830</subfield>
   </datafield>
   <datafield tag="245" ind1="0" ind2="4">
      <subfield code="a">The poetic primer :</subfield>
      <subfield code="b">a circlet of little rhymes for little readers /</subfield>
      <subfield code="c">by Clara Hall ... ; with fine engravings.</subfield>
   </datafield>
   <datafield tag="264" ind1=" " ind2="1">
      <subfield code="a">London :</subfield>
      <subfield code="b">Edward Lacey, 76, St. Paul's Church Yard,</subfield>
      <subfield code="c">[1830?]</subfield>
   </datafield>
   <datafield tag="264" ind1=" " ind2="3">
      <subfield code="a">[([London] :</subfield>
      <subfield code="b">Printed by W.J. Sears, 7, New Court, Bow Lane, Cheapside)</subfield>
   </datafield>
   <datafield tag="300" ind1=" " ind2=" ">
      <subfield code="a">iv, 72 pages, 4 unnumbered leaves of plates :</subfield>
      <subfield code="b">illustrations ;</subfield>
      <subfield code="c">15 cm</subfield>
   </datafield>
   <datafield tag="336" ind1=" " ind2=" ">
      <subfield code="a">text</subfield>
      <subfield code="b">txt</subfield>
      <subfield code="2">rdacontent</subfield>
   </datafield>
   <datafield tag="337" ind1=" " ind2=" ">
      <subfield code="a">unmediated</subfield>
      <subfield code="b">n</subfield>
      <subfield code="2">rdamedia</subfield>
   </datafield>
   <datafield tag="338" ind1=" " ind2=" ">
      <subfield code="a">volume</subfield>
      <subfield code="b">nc</subfield>
      <subfield code="2">rdacarrier</subfield>
   </datafield>
   <datafield tag="500" ind1=" " ind2=" ">
      <subfield code="a">Wood engravings: title vignette, [6] ills. on [3] plates.</subfield>
   </datafield>
   <datafield tag="500" ind1=" " ind2=" ">
      <subfield code="a">Frontispiece engraved in steel by W. C. Edwards after painting by H.
                Mosses.</subfield>
   </datafield>
   <datafield tag="500" ind1=" " ind2=" ">
      <subfield code="a">Approximate date from Osborne Coll., cited below.</subfield>
   </datafield>
   <datafield tag="500" ind1=" " ind2=" ">
      <subfield code="a">Wood engravings: title vignette, [6] ills. on [3] plates.</subfield>
   </datafield>
   <datafield tag="500" ind1=" " ind2=" ">
      <subfield code="a">Frontispiece engraved in steel by W.C. Edwards after painting by H.
                Mosses.</subfield>
   </datafield>
   <datafield tag="500" ind1=" " ind2=" ">
      <subfield code="a">Approximate date from Osborne Coll., cited below.</subfield>
   </datafield>
   <datafield tag="505" ind1="0" ind2=" ">
      <subfield code="a">Me and my dog -- Song -- The voice of God / by Mrs. Hemans -- Little
                girl's wish / by Charles Swain -- The cottage door / by M.M.M. -- Spring / by Mary
                Howitt -- The two ears of corn -- The moth -- Lines on a young lady weeping / by
                Miss Roberts -- Wandering Mary / by D. Carey -- Mottos for albums / by James
                Montgomery -- The step-mother -- On two infants, who died at the same time in the
                hooping cough -- The dying Negro / by the late Rev. J. Lawson of Calcutta --
                Sister's love -- The first lamb -- Fly away, ladybird / by Mrs. S.C. Hall -- To a
                lady weeping over her departed child -- The grave of the pious cottager / by James
                Edmeston -- Invitation from a little to a very little lady -- For the album of a
                very little child -- The lily of the valley and the anemone -- My sister's garden --
                On visiting the sylvan cottage of Mrs. H. More / by Anna Seward -- The bird's nest
                -- The cat and dog / by Mrs. S.C. Hall -- Affecting history of a wax doll -- The
                carrier pigeon -- A reflection on the loss of the Comet steam packet -- The
                butterfly and the two scorpions.</subfield>
   </datafield>
   <datafield tag="505" ind1="0" ind2=" ">
      <subfield code="a">[cont.] Lines, addressed to a juvenile son, on presenting him with a
                watch as a New Year's present / by the Rev. Dr. Booker -- Transmigration, to a young
                lady, who said she "wished she was a flower" -- The dancing bear / by Miss Webb --
                To Emma / by the Rev. John Horseman -- Forget me not -- Infant naturalists -- The
                youthful king, suggested by a picture of Edward the Sixth in his royal
                robes.</subfield>
   </datafield>
   <datafield tag="510" ind1="4" ind2=" ">
      <subfield code="a">Osborne Coll.,</subfield>
      <subfield code="c">page 64</subfield>
   </datafield>
   <datafield tag="650" ind1=" " ind2="0">
      <subfield code="a">Children's poems.</subfield>
   </datafield>
   <datafield tag="700" ind1="1" ind2=" ">
      <subfield code="a">Hall, Clara.</subfield>
   </datafield>
   <datafield tag="998" ind1=" " ind2=" ">
      <subfield code="a">027443732</subfield>
      <subfield code="9">LOCAL</subfield>
   </datafield>
   <datafield tag="949" ind1=" " ind2=" ">
      <subfield code="a">FTaSU</subfield>
      <subfield code="b">FSUSP</subfield>
      <subfield code="c">SHAU</subfield>
      <subfield code="f">31254027353594</subfield>
      <subfield code="g"/>
      <subfield code="h">Tray 54</subfield>
      <subfield code="i"/>
      <subfield code="j">31254803027990</subfield>
      <subfield code="k"/>
      <subfield code="l">PR1175.3</subfield>
      <subfield code="m">.P64 1830</subfield>
      <subfield code="n">Tray 54</subfield>
   </datafield>
</record>