
<record>
   <leader>00000nam 2200241Ia 4500</leader>
   <controlfield tag="001">990274473760306576</controlfield>
   <controlfield tag="008">991207s1879 enkc 000|0 eng d</controlfield>
   <datafield tag="035" ind1=" " ind2=" ">
      <subfield code="a">(aleph)027447376UXU01</subfield>
   </datafield>
   <datafield tag="035" ind1=" " ind2=" ">
      <subfield code="a">(OCoLC)42947139</subfield>
   </datafield>
   <datafield tag="035" ind1=" " ind2=" ">
      <subfield code="a">(EXLNZ-01FALSC_NETWORK)9910730991306561</subfield>
   </datafield>
   <datafield tag="035" ind1=" " ind2=" ">
      <subfield code="a">(01FALSC_FSU)990274473760306576</subfield>
   </datafield>
   <datafield tag="040" ind1=" " ind2=" ">
      <subfield code="a">FDA</subfield>
      <subfield code="c">FDA</subfield>
   </datafield>
   <datafield tag="090" ind1=" " ind2=" ">
      <subfield code="a">PS2253</subfield>
      <subfield code="b">.D58 1879</subfield>
   </datafield>
   <datafield tag="100" ind1="1" ind2=" ">
      <subfield code="a">Longfellow, Henry Wadsworth,</subfield>
      <subfield code="d">1807-1882.</subfield>
   </datafield>
   <datafield tag="240" ind1="1" ind2="0">
      <subfield code="a">Selections</subfield>
   </datafield>
   <datafield tag="245" ind1="1" ind2="4">
      <subfield code="a">The Longfellow birthday book /</subfield>
      <subfield code="c">arranged by Cecilia Dixon.</subfield>
   </datafield>
   <datafield tag="260" ind1=" " ind2=" ">
      <subfield code="a">[London] :</subfield>
      <subfield code="b">G. Routledge &amp; Sons,</subfield>
      <subfield code="c">[1879?]</subfield>
   </datafield>
   <datafield tag="300" ind1=" " ind2=" ">
      <subfield code="a">291 p. :</subfield>
      <subfield code="b">port. ;</subfield>
      <subfield code="c">13 cm.</subfield>
   </datafield>
   <datafield tag="650" ind1=" " ind2="0">
      <subfield code="a">Birthday books.</subfield>
   </datafield>
   <datafield tag="600" ind1="1" ind2="0">
      <subfield code="a">Longfellow, Henry Wadsworth,</subfield>
      <subfield code="d">1807-1882</subfield>
      <subfield code="v">Quotations.</subfield>
   </datafield>
   <datafield tag="600" ind1="1" ind2="0">
      <subfield code="a">Longfellow, Henry Wadsworth,</subfield>
      <subfield code="d">1807-1882</subfield>
      <subfield code="v">Calendars.</subfield>
   </datafield>
   <datafield tag="700" ind1="1" ind2=" ">
      <subfield code="a">Dixon, Cecilia.</subfield>
   </datafield>
   <datafield tag="998" ind1=" " ind2=" ">
      <subfield code="a">027447376</subfield>
      <subfield code="9">LOCAL</subfield>
   </datafield>
   <datafield tag="949" ind1=" " ind2=" ">
      <subfield code="a">FTaSU</subfield>
      <subfield code="b">FSUSP</subfield>
      <subfield code="c">SPCU</subfield>
      <subfield code="f">31254803185061</subfield>
      <subfield code="g">v.1</subfield>
      <subfield code="h">Tray 78</subfield>
      <subfield code="i">2</subfield>
      <subfield code="j">31254803028964</subfield>
      <subfield code="k">1</subfield>
      <subfield code="l">PS2272</subfield>
      <subfield code="m">.A1 1857</subfield>
      <subfield code="n">Tray 78</subfield>
   </datafield>
</record>