
<record>
   <leader>00000nam 2200205I 4500</leader>
   <controlfield tag="001">990277832240306576</controlfield>
   <controlfield tag="005">20060504133545.0</controlfield>
   <controlfield tag="008">790504s1857 mauc 000|0 eng </controlfield>
   <datafield tag="010" ind1=" " ind2=" ">
      <subfield code="a"> 28014654</subfield>
   </datafield>
   <datafield tag="035" ind1=" " ind2=" ">
      <subfield code="a">(aleph)027783224UXU01</subfield>
   </datafield>
   <datafield tag="035" ind1=" " ind2=" ">
      <subfield code="a">(OCoLC)04927550</subfield>
   </datafield>
   <datafield tag="035" ind1=" " ind2=" ">
      <subfield code="a">(EXLNZ-01FALSC_NETWORK)9910732010106561</subfield>
   </datafield>
   <datafield tag="035" ind1=" " ind2=" ">
      <subfield code="a">(01FALSC_FSU)990277832240306576</subfield>
   </datafield>
   <datafield tag="040" ind1=" " ind2=" ">
      <subfield code="a">DLC</subfield>
      <subfield code="c">BXM</subfield>
      <subfield code="d">m.c.</subfield>
   </datafield>
   <datafield tag="090" ind1=" " ind2=" ">
      <subfield code="a">PS2272</subfield>
      <subfield code="b">.A1 1857</subfield>
   </datafield>
   <datafield tag="092" ind1=" " ind2=" ">
      <subfield code="a">828</subfield>
      <subfield code="b">L853, 1857</subfield>
   </datafield>
   <datafield tag="100" ind1="1" ind2=" ">
      <subfield code="a">Longfellow, Henry Wadsworth,</subfield>
      <subfield code="d">1807-1882.</subfield>
   </datafield>
   <datafield tag="245" ind1="1" ind2="0">
      <subfield code="a">Prose works of Henry Wadsworth Longfellow. :</subfield>
      <subfield code="b">Complete in two volumes.</subfield>
   </datafield>
   <datafield tag="260" ind1=" " ind2=" ">
      <subfield code="a">Boston, :</subfield>
      <subfield code="b">Ticknor and Fields,</subfield>
      <subfield code="c">1857.</subfield>
   </datafield>
   <datafield tag="300" ind1=" " ind2=" ">
      <subfield code="a">2 v. :</subfield>
      <subfield code="b">front. (port.) ;</subfield>
      <subfield code="c">15 cm.</subfield>
   </datafield>
   <datafield tag="505" ind1="0" ind2=" ">
      <subfield code="a">Outre-mer; a pilgrimage beyond the sea.--Drift wood, a collection of
                essays: Frithiof's saga. Hawthorne's Twice-told tales. The great metropolis.
                Anglo-Saxon literature. Paris in the seventeenth century. Dante. The Divina
                commedia. Table-talk.--v. 2. Hyperion, a romance. Kavanagh, a tale.</subfield>
      <subfield code="5">FTaSU</subfield>
   </datafield>
   <datafield tag="998" ind1=" " ind2=" ">
      <subfield code="a">027783224</subfield>
      <subfield code="9">LOCAL</subfield>
   </datafield>
   <datafield tag="949" ind1=" " ind2=" ">
      <subfield code="a">FTaSU</subfield>
      <subfield code="b">FSUSP</subfield>
      <subfield code="c">SPCU</subfield>
      <subfield code="f">31254803185129</subfield>
      <subfield code="g">v.2</subfield>
      <subfield code="h">Tray 78</subfield>
      <subfield code="i"/>
      <subfield code="j">31254803028964</subfield>
      <subfield code="k">2</subfield>
      <subfield code="l">PS2272</subfield>
      <subfield code="m">.A1 1857</subfield>
      <subfield code="n">Tray 78</subfield>
   </datafield>
</record>