
<record>
   <leader>00000nam 2200193K 4500</leader>
   <controlfield tag="001">990278921500306576</controlfield>
   <controlfield tag="008">861107s1663 enk 000|0 eng d</controlfield>
   <datafield tag="035" ind1=" " ind2=" ">
      <subfield code="a">(aleph)027892150UXU01</subfield>
   </datafield>
   <datafield tag="035" ind1=" " ind2=" ">
      <subfield code="a">(OCoLC)14685762</subfield>
   </datafield>
   <datafield tag="035" ind1=" " ind2=" ">
      <subfield code="a">(EXLNZ-01FALSC_NETWORK)9910670837806561</subfield>
   </datafield>
   <datafield tag="035" ind1=" " ind2=" ">
      <subfield code="a">(01FALSC_FSU)990278921500306576</subfield>
   </datafield>
   <datafield tag="040" ind1=" " ind2=" ">
      <subfield code="a">FDA</subfield>
      <subfield code="c">FDA</subfield>
   </datafield>
   <datafield tag="090" ind1=" " ind2=" ">
      <subfield code="a">DR439</subfield>
      <subfield code="b">.M3</subfield>
   </datafield>
   <datafield tag="100" ind1="1" ind2=" ">
      <subfield code="a">Marsh, Henry,</subfield>
      <subfield code="d">fl. 1663-1664.</subfield>
   </datafield>
   <datafield tag="245" ind1="1" ind2="2">
      <subfield code="a">A new survey of the Turkish empire and government,</subfield>
      <subfield code="b">in a brief history deduced to this present time and the reign of the
                now Grand Seignior, Mahomet the IV, the present XIV, emperor.</subfield>
   </datafield>
   <datafield tag="260" ind1=" " ind2=" ">
      <subfield code="a">London,</subfield>
      <subfield code="b">Printed for Henry Marsh,</subfield>
      <subfield code="c">1663.</subfield>
   </datafield>
   <datafield tag="300" ind1=" " ind2=" ">
      <subfield code="a">76, 108 p.</subfield>
      <subfield code="b">illus., port.</subfield>
   </datafield>
   <datafield tag="651" ind1=" " ind2="0">
      <subfield code="a">Turkey</subfield>
      <subfield code="x">History.</subfield>
   </datafield>
   <datafield tag="998" ind1=" " ind2=" ">
      <subfield code="a">027892150</subfield>
      <subfield code="9">LOCAL</subfield>
   </datafield>
   <datafield tag="949" ind1=" " ind2=" ">
      <subfield code="a">FTaSU</subfield>
      <subfield code="b">FSUSP</subfield>
      <subfield code="c">SPCU</subfield>
      <subfield code="f">31254803181474</subfield>
      <subfield code="g"/>
      <subfield code="h">Tray 22</subfield>
      <subfield code="i"/>
      <subfield code="j">31254803017553</subfield>
      <subfield code="k"/>
      <subfield code="l">DR439</subfield>
      <subfield code="m">.M3</subfield>
      <subfield code="n">Tray 22</subfield>
   </datafield>
</record>