
<record>
   <leader>00000cam 2200241Ii 4500</leader>
   <controlfield tag="001">990295838740306576</controlfield>
   <controlfield tag="008">800225s1798 enka 000|0 eng d</controlfield>
   <datafield tag="035" ind1=" " ind2=" ">
      <subfield code="a">(aleph)029583874UXU01</subfield>
   </datafield>
   <datafield tag="035" ind1=" " ind2=" ">
      <subfield code="a">(OCoLC)06019624</subfield>
   </datafield>
   <datafield tag="035" ind1=" " ind2=" ">
      <subfield code="a">(EXLNZ-01FALSC_NETWORK)9910837085906561</subfield>
   </datafield>
   <datafield tag="035" ind1=" " ind2=" ">
      <subfield code="a">(01FALSC_FSU)990295838740306576</subfield>
   </datafield>
   <datafield tag="040" ind1=" " ind2=" ">
      <subfield code="a">SBM</subfield>
      <subfield code="c">SBM</subfield>
      <subfield code="d">m.c.</subfield>
      <subfield code="d">SBM</subfield>
      <subfield code="d">FDA</subfield>
   </datafield>
   <datafield tag="090" ind1=" " ind2=" ">
      <subfield code="a">DD179</subfield>
      <subfield code="b">.R6 1798</subfield>
   </datafield>
   <datafield tag="100" ind1="1" ind2=" ">
      <subfield code="a">Robertson, William,</subfield>
      <subfield code="d">1721-1793.</subfield>
   </datafield>
   <datafield tag="245" ind1="1" ind2="4">
      <subfield code="a">The history of the reign of Emperor Charles V /</subfield>
      <subfield code="c">By William Robertson.</subfield>
   </datafield>
   <datafield tag="250" ind1=" " ind2=" ">
      <subfield code="a">9th ed.</subfield>
   </datafield>
   <datafield tag="260" ind1=" " ind2=" ">
      <subfield code="a">London :</subfield>
      <subfield code="b">Cadell &amp;</subfield>
      <subfield code="c">1798.</subfield>
   </datafield>
   <datafield tag="300" ind1=" " ind2=" ">
      <subfield code="a">4 v. :</subfield>
      <subfield code="b">fronts. ;</subfield>
      <subfield code="c">17 cm.</subfield>
   </datafield>
   <datafield tag="651" ind1=" " ind2="0">
      <subfield code="a">Europe</subfield>
      <subfield code="x">History</subfield>
      <subfield code="y">1492-1648.</subfield>
   </datafield>
   <datafield tag="600" ind1="0" ind2="0">
      <subfield code="a">Charles</subfield>
      <subfield code="b">V,</subfield>
      <subfield code="c">Holy Roman Emperor,</subfield>
      <subfield code="d">1500-1558</subfield>
   </datafield>
   <datafield tag="650" ind1=" " ind2="0">
      <subfield code="a">Holy Roman Empire</subfield>
      <subfield code="x">History</subfield>
      <subfield code="y">Charles V, 1519-1556.</subfield>
   </datafield>
   <datafield tag="998" ind1=" " ind2=" ">
      <subfield code="a">029583874</subfield>
      <subfield code="9">LOCAL</subfield>
   </datafield>
   <datafield tag="949" ind1=" " ind2=" ">
      <subfield code="a">FTaSU</subfield>
      <subfield code="b">FSUSP</subfield>
      <subfield code="c">SPCU</subfield>
      <subfield code="f">31254803178744</subfield>
      <subfield code="g">v.1</subfield>
      <subfield code="h">Tray 21</subfield>
      <subfield code="i"/>
      <subfield code="j">31254803017611</subfield>
      <subfield code="k">1</subfield>
      <subfield code="l">DD179</subfield>
      <subfield code="m">.R6 1798</subfield>
      <subfield code="n">Tray 21</subfield>
   </datafield>
</record>