
<record>
   <leader>00000nam 2200253Ia 4500</leader>
   <controlfield tag="001">990301293980306576</controlfield>
   <controlfield tag="008">810925s1827 it 000|0 ita d</controlfield>
   <datafield tag="035" ind1=" " ind2=" ">
      <subfield code="a">(aleph)030129398UXU01</subfield>
   </datafield>
   <datafield tag="035" ind1=" " ind2=" ">
      <subfield code="a">(OCoLC)07792722</subfield>
   </datafield>
   <datafield tag="035" ind1=" " ind2=" ">
      <subfield code="a">(EXLNZ-01FALSC_NETWORK)9910884848806561</subfield>
   </datafield>
   <datafield tag="035" ind1=" " ind2=" ">
      <subfield code="a">(01FALSC_FSU)990301293980306576</subfield>
   </datafield>
   <datafield tag="040" ind1=" " ind2=" ">
      <subfield code="a">FDA</subfield>
      <subfield code="c">FDA</subfield>
   </datafield>
   <datafield tag="041" ind1="1" ind2=" ">
      <subfield code="a">itafre</subfield>
   </datafield>
   <datafield tag="090" ind1=" " ind2=" ">
      <subfield code="a">BT1100</subfield>
      <subfield code="b">.A216 1827</subfield>
   </datafield>
   <datafield tag="100" ind1="1" ind2=" ">
      <subfield code="a">Abbadie, Jacques,</subfield>
      <subfield code="d">1654-1727.</subfield>
   </datafield>
   <datafield tag="245" ind1="1" ind2="3">
      <subfield code="a">La verita della religione cristiana /</subfield>
      <subfield code="c">trattato di Giacomo Abbadie.</subfield>
   </datafield>
   <datafield tag="250" ind1=" " ind2=" ">
      <subfield code="a">Seconda edizione italiana</subfield>
      <subfield code="b">con note.</subfield>
   </datafield>
   <datafield tag="260" ind1=" " ind2=" ">
      <subfield code="a">Milano :</subfield>
      <subfield code="b">Da Placido Maria Visaj,</subfield>
      <subfield code="c">1827.</subfield>
   </datafield>
   <datafield tag="300" ind1=" " ind2=" ">
      <subfield code="a">v. :</subfield>
      <subfield code="b">port. ;</subfield>
      <subfield code="c">16 cm.</subfield>
   </datafield>
   <datafield tag="490" ind1="0" ind2=" ">
      <subfield code="a">Antologia : morale e religiosa ;</subfield>
      <subfield code="v">t. 34</subfield>
      <subfield code="5">FTaSU</subfield>
   </datafield>
   <datafield tag="650" ind1=" " ind2="0">
      <subfield code="a">Apologetics</subfield>
      <subfield code="x">History</subfield>
      <subfield code="y">17th century.</subfield>
   </datafield>
   <datafield tag="650" ind1=" " ind2="0">
      <subfield code="a">Apologetics</subfield>
      <subfield code="v">Early works to 1800.</subfield>
   </datafield>
   <datafield tag="998" ind1=" " ind2=" ">
      <subfield code="a">030129398</subfield>
      <subfield code="9">LOCAL</subfield>
   </datafield>
   <datafield tag="949" ind1=" " ind2=" ">
      <subfield code="a">FTaSU</subfield>
      <subfield code="b">FSUSP</subfield>
      <subfield code="c">SPCU</subfield>
      <subfield code="f">31254803023460</subfield>
      <subfield code="g">t.1</subfield>
      <subfield code="h">Tray 8</subfield>
      <subfield code="i"/>
      <subfield code="j">31254803017579</subfield>
      <subfield code="k">1</subfield>
      <subfield code="l">BT1100</subfield>
      <subfield code="m">.A216 1827</subfield>
      <subfield code="n">Tray 8</subfield>
   </datafield>
</record>