
<record>
   <leader>00000nam 2200277Ia 4500</leader>
   <controlfield tag="001">990305091030306576</controlfield>
   <controlfield tag="008">890104s1823 stk 000|0 eng d</controlfield>
   <datafield tag="035" ind1=" " ind2=" ">
      <subfield code="a">(aleph)030509103UXU01</subfield>
   </datafield>
   <datafield tag="035" ind1=" " ind2=" ">
      <subfield code="a">(OCoLC)18965973</subfield>
   </datafield>
   <datafield tag="035" ind1=" " ind2=" ">
      <subfield code="a">(EXLNZ-01FALSC_NETWORK)9910798231006561</subfield>
   </datafield>
   <datafield tag="035" ind1=" " ind2=" ">
      <subfield code="a">(01FALSC_FSU)990305091030306576</subfield>
   </datafield>
   <datafield tag="040" ind1=" " ind2=" ">
      <subfield code="a">FDA</subfield>
      <subfield code="c">FDA</subfield>
   </datafield>
   <datafield tag="090" ind1=" " ind2=" ">
      <subfield code="a">BR50</subfield>
      <subfield code="b">.T423 1823</subfield>
   </datafield>
   <datafield tag="245" ind1="0" ind2="0">
      <subfield code="a">Theological gems.</subfield>
   </datafield>
   <datafield tag="260" ind1=" " ind2=" ">
      <subfield code="a">Edinburgh :</subfield>
      <subfield code="b">Published by William Oliphant and sold by M. Ogle, Chalmers &amp;
                Collins and J. Hewit, Glasgow ...,</subfield>
      <subfield code="c">1823.</subfield>
   </datafield>
   <datafield tag="300" ind1=" " ind2=" ">
      <subfield code="a">xi, 14-444 p. :</subfield>
      <subfield code="b">1 port. ;</subfield>
      <subfield code="c">14 cm.</subfield>
   </datafield>
   <datafield tag="500" ind1=" " ind2=" ">
      <subfield code="a">J. Collie, Printer, Edinburgh.</subfield>
      <subfield code="5">FTaSU</subfield>
   </datafield>
   <datafield tag="500" ind1=" " ind2=" ">
      <subfield code="a">Frontispiece: portrait drawing of Revd. Cesar Malan.</subfield>
      <subfield code="5">FTaSU</subfield>
   </datafield>
   <datafield tag="500" ind1=" " ind2=" ">
      <subfield code="a">Brief essays of Christian thought by various authors.</subfield>
      <subfield code="5">FTaSU</subfield>
   </datafield>
   <datafield tag="500" ind1=" " ind2=" ">
      <subfield code="a">On t.p.: "The lips of knowledge are a precious
                jewel.--Solomon."</subfield>
      <subfield code="5">FTaSU</subfield>
   </datafield>
   <datafield tag="650" ind1=" " ind2="0">
      <subfield code="a">Christianity.</subfield>
   </datafield>
   <datafield tag="650" ind1=" " ind2="0">
      <subfield code="a">Christian literature, English.</subfield>
   </datafield>
   <datafield tag="650" ind1=" " ind2="0">
      <subfield code="a">Spiritual life.</subfield>
   </datafield>
   <datafield tag="650" ind1=" " ind2="0">
      <subfield code="a">Theology.</subfield>
   </datafield>
   <datafield tag="998" ind1=" " ind2=" ">
      <subfield code="a">030509103</subfield>
      <subfield code="9">LOCAL</subfield>
   </datafield>
   <datafield tag="949" ind1=" " ind2=" ">
      <subfield code="a">FTaSU</subfield>
      <subfield code="b">FSUSP</subfield>
      <subfield code="c">SPCU</subfield>
      <subfield code="f">31254007494962</subfield>
      <subfield code="g"/>
      <subfield code="h">Tray 5</subfield>
      <subfield code="i"/>
      <subfield code="j">31254803017397</subfield>
      <subfield code="k"/>
      <subfield code="l">BR50</subfield>
      <subfield code="m">.T423 1823</subfield>
      <subfield code="n">Tray 5</subfield>
   </datafield>
</record>
